@article {Martino2019,
	author = {Martino, Cameron and Morton, James T. and Marotz, Clarisse A. and Thompson, Luke R. and Tripathi, Anupriya and Knight, Rob and Zengler, Karsten},
	editor = {Neufeld, Josh D.},
	title = {A Novel Sparse Compositional Technique Reveals Microbial Perturbations},
	volume = {4},
	number = {1},
	elocation-id = {e00016-19},
	year = {2019},
	doi = {10.1128/mSystems.00016-19},
	publisher = {American Society for Microbiology Journals},
	URL = {https://msystems.asm.org/content/4/1/e00016-19},
	eprint = {https://msystems.asm.org/content/4/1/e00016-19.full.pdf},
	journal = {mSystems}
}

@article {Martino2020,
	author = {Martino, Cameron and Shenhav, Liat and Marotz, Clarisse A and Armstrong, George and McDonald, Daniel and V{\'a}zquez-Baeza, Yoshiki and Morton, James T and Jiang, Lingjing and Dominguez-Bello, Maria Gloria and Swafford, Austin D and Halperin, Eran and Knight, Rob},
	title = {Context-aware dimensionality reduction deconvolutes gut microbial community dynamics},
	year = {2020},
	journal = {Nature biotechnology},
}
