@online{xphyle,
  author = {John P Didion},
  title = {xphyle: extraordinarily simple file handling},
  year = 2017,
  url = {https://github.com/jdidion/xphyle},
  urldate = {2017-04-29}
}
